@misc{ambrozic,
  title = {{Poslanec PS prepisoval magisterij} },
  author = {Anže Božič},
  howpublished = {\url{www.delo.si/novice/slovenija/poslanec-ps-ambrozic-prepisoval-magisterij.html}},
  note = {Dostopano: 22.3.2018}
}

@misc{kangler,
  title = {{Stroka: Kanglerjeva diploma ni plagiat} },
  author = {STA U.Z.},
  howpublished = {\url{https://www.24ur.com/novice/slovenija/stroka-kanglerjeva-diploma-ni-plagiat.html}},
  note = {Dostopano: 22.3.2018}
}

@misc{markez,
  title = {{Cerar po aferi Markeževe ne vidi ne na ministrskem ne na poslanskem stolčku} },
  author = {Urša Zupan},
  howpublished = {\url{https://www.24ur.com/novice/slovenija/ministrica-markezova-magistrirala-s-plagiatom.html}},
  note = {Dostopano: 22.3.2018}
}

@article{solina1990recovery,
  title={Recovery of parametric models from range images: The case for superquadrics with global deformations},
  author={Solina, Franc and Bajcsy, Ruzena},
  journal={IEEE transactions on pattern analysis and machine intelligence},
  volume={12},
  number={2},
  pages={131--147},
  year={1990},
  publisher={IEEE}
}

@book{kovac2003human,
  title={Human skin color clustering for face detection},
  author={Kovac, Jure and Peer, Peter and Solina, Franc},
  volume={2},
  year={2003},
  publisher={IEEE}
}

@book{jaklic2013segmentation,
  title={Segmentation and recovery of superquadrics},
  author={Jaklic, Ales and Leonardis, Ales and Solina, Franc},
  volume={20},
  year={2013},
  publisher={Springer Science \& Business Media}
}