@misc{ambrozic,
  title = {{Poslanec PS prepisoval magisterij} },
  author = {Anže Božič},
  howpublished = {\url{www.delo.si/novice/slovenija/poslanec-ps-ambrozic-prepisoval-magisterij.html}},
  note = {Dostopano: 22.3.2018}
}

@misc{kangler,
  title = {{Stroka: Kanglerjeva diploma ni plagiat} },
  author = {STA U.Z.},
  howpublished = {\url{https://www.24ur.com/novice/slovenija/stroka-kanglerjeva-diploma-ni-plagiat.html}},
  note = {Dostopano: 22.3.2018}
}

@misc{markez,
  title = {{Cerar po aferi Markeževe ne vidi ne na ministrskem ne na poslanskem stolčku} },
  author = {Urša Zupan},
  howpublished = {\url{https://www.24ur.com/novice/slovenija/ministrica-markezova-magistrirala-s-plagiatom.html}},
  note = {Dostopano: 22.3.2018}
}