@article{hierarhicni,
  title={Hierarhicni modeli videza v vizualnem sledenju},
  author={{\v{C}}ehovin Zajc, Luka and Leonardis, Ale{\v{s}} and Kristan, Matej}
}

@article{pervse2009trajectory,
  title={A trajectory-based analysis of coordinated team activity in a basketball game},
  author={Per{\v{s}}e, Matej and Kristan, Matej and Kova{\v{c}}i{\v{c}}, Stanislav and Vu{\v{c}}kovi{\v{c}}, Goran and Per{\v{s}}, Janez},
  journal={Computer Vision and Image Understanding},
  volume={113},
  number={5},
  pages={612--621},
  year={2009},
  publisher={Elsevier}
}

@article{olsson2009distributed,
  title={Distributed mobile computer vision and applications on the Android platform},
  author={Olsson, Sebastian and {\AA}kesson, Philip},
  year={2009},
  publisher={Citeseer}
}

@article{ravnik2013audience,
  title={Audience measurement of digital signage: Quantitative study in real-world environment using computer vision},
  author={Ravnik, Robert and Solina, Franc},
  journal={Interacting with Computers},
  volume={25},
  number={3},
  pages={218--228},
  year={2013},
  publisher={Oxford University Press}
}

@article{fortnow2009viewpoint,
  title={Viewpoint Time for computer science to grow up},
  author={Fortnow, Lance},
  journal={Communications of the ACM},
  volume={52},
  number={8},
  pages={33--35},
  year={2009},
  publisher={ACM}
}

@incollection{knuth1983simple,
  title={Simple word problems in universal algebras},
  author={Knuth, Donald E and Bendix, Peter B},
  booktitle={Automation of Reasoning: Classical papers on computational logic 1957--1966},
  editor = {Siekmann, Jörg H.  and Wrightson, Graham},
  pages={342--376},
  year={1983},
  publisher={Springer}
}

@book{lamport,
  title={LaTEX: A Document Preparation System},
  author={Lamport, Leslie},
  year={1986},
  publisher={Addison-Wesley}
}

@misc{bib,
author = {Oren Patashnik},
title={{BibTeXing}},
howpublished={Dosegljivo: \url{http://bibtexml.sourceforge.net/btxdoc.pdf}},
note = {[Dostopano 5. 6. 2016]},
year = 1988
}

@misc{video,
title={Light Fountain---an interactive art installation},
author = {Franc Solina},
howpublished={Dosegljivo: \url{https://youtu.be/CS6x-QwJywg}},
note = {[Dostopano: 9. 10. 2015]},
year = 2015
}

@techreport{andersen2012kinect,
  title={Kinect depth sensor evaluation for computer vision applications},
  author={Andersen, Michael Riis and Jensen, Thomas and Lisouski, Pavel and Mortensen, Anders Krogh and Hansen, Mikkel Kragh and Gregersen, Torben and Ahrendt, Peter},
  year={2012},
  institution={Department of Engineering, Aarhus University}
}

@techreport{diploma,
Title                    = {Vizualizacija},
Author                = {Balon, Andreja},
institution            = {Fakulteta za elektrotehniko in ra\v{c}unalni\v{s}tvo, Univerza v Ljubljani},
Year                    = {1990},
type                    = {Diplomska naloga}
}

@misc{nenajkrajsi,
title={Ne najkraj\v{s}i uvod v {\LaTeX 2$\epsilon$}},
author = {Tobias Oetiker and Hubert Partl and Irene Hyna and Elisabeth Schlegl},
howpublished={Dosegljivo: \url{http://www-lp.fmf.uni-lj.si/plestenjak/vaje/latex/lshort.pdf}},
note = {[Dostopano: 1. 10. 2016]},
year = 2006
}

@misc{slovarcek,
title={{DIS} slovarček, slovar računalniških izrazov, verzija 2.1.70},
author = {Matjaž Gams (ured.)},
howpublished={Dosegljivo: \url{http://dis-slovarcek.ijs.si}},
note = {[Dostopano: 1. 10. 2016]},
}

@misc{knuth,
title={Donald Knuth},
key = {Donald Knuth},
howpublished={Dosegljivo: \url{https://sl.wikipedia.org/wiki/Donald_Knuth}},
note = {[Dostopano: 1. 10. 2016]},
}


