@article{ravnik2013audience,
  title={Audience measurement of digital signage: Quantitative study in real-world environment using computer vision},
  author={Ravnik, Robert and Solina, Franc},
  journal={Interacting with Computers},
  volume={25},
  number={3},
  pages={218--228},
  year={2013},
  publisher={Oxford University Press}
}

@inproceedings{deepImgRec,
  title={Deep residual learning for image recognition},
  author={He, Kaiming and Zhang, Xiangyu and Ren, Shaoqing and Sun, Jian},
  booktitle={Proceedings of the IEEE conference on computer vision and pattern recognition},
  pages={770--778},
  year={2016}
}

@inproceedings{deepFeaturesTransfer,
  title={How transferable are features in deep neural networks?},
  author={Yosinski, Jason and Clune, Jeff and Bengio, Yoshua and Lipson, Hod},
  booktitle={Advances in neural information processing systems},
  pages={3320--3328},
  year={2014}
}

@article{deepFeatureSpeech,
  title={Feature learning in deep neural networks-studies on speech recognition tasks},
  author={Yu, Dong and Seltzer, Michael L and Li, Jinyu and Huang, Jui-Ting and Seide, Frank},
  journal={arXiv preprint arXiv:1301.3605},
  year={2013}
}

@article{gatys2015neural,
  title={A neural algorithm of artistic style},
  author={Gatys, Leon A and Ecker, Alexander S and Bethge, Matthias},
  journal={arXiv preprint arXiv:1508.06576},
  year={2015}
}

@inproceedings{gatys2016image,
  title={Image style transfer using convolutional neural networks},
  author={Gatys, Leon A and Ecker, Alexander S and Bethge, Matthias},
  booktitle={Computer Vision and Pattern Recognition (CVPR), 2016 IEEE Conference on},
  pages={2414--2423},
  year={2016},
  organization={IEEE}
}
@article{gatys2016preserving,
  title={Preserving color in neural artistic style transfer},
  author={Gatys, Leon A and Bethge, Matthias and Hertzmann, Aaron and Shechtman, Eli},
  journal={arXiv preprint arXiv:1606.05897},
  year={2016}
}

@inproceedings{ulyanov2016texture,
  title={Texture Networks: Feed-forward Synthesis of Textures and Stylized Images.},
  author={Ulyanov, Dmitry and Lebedev, Vadim and Vedaldi, Andrea and Lempitsky, Victor S},
  booktitle={ICML},
  pages={1349--1357},
  year={2016}
}

@article{schmidhuber2015deep,
  title={Deep learning in neural networks: An overview},
  author={Schmidhuber, J{\"u}rgen},
  journal={Neural networks},
  volume={61},
  pages={85--117},
  year={2015},
  publisher={Elsevier}
}

@article{karayev2013recognizing,
  title={Recognizing image style},
  author={Karayev, Sergey and Trentacoste, Matthew and Han, Helen and Agarwala, Aseem and Darrell, Trevor and Hertzmann, Aaron and Winnemoeller, Holger},
  journal={arXiv preprint arXiv:1311.3715},
  year={2013}
}

 @misc{ wikiStil,
   author = "{Wikipedia contributors}",
   title = "Style (visual arts) --- {W}ikipedia{,} The Free Encyclopedia",
   year = "2018",
   url = "https://en.wikipedia.org/wiki/Style_(visual_arts)",
   note = "[Online; accessed 13-Jun-2018]"
 }